@article{mlp,
	title={ニューラルネットワークの基礎と理論的に重要な課題},
	author={萩原克幸},
	journal={プラズマ・核融合学会誌= Journal of plasma and fusion research},
	volume={82},
	number={5},
	pages={282--286},
	year={2006},
	publisher={プラズマ・核融合学会}
}
@article{DBLP:journals/corr/LeM14,
	author    = {Quoc V. Le and
	Tomas Mikolov},
	title     = {Distributed Representations of Sentences and Documents},
	journal   = {CoRR},
	volume    = {abs/1405.4053},
	year      = {2014},
	url       = {http://arxiv.org/abs/1405.4053},
	archivePrefix = {arXiv},
	eprint    = {1405.4053},
	timestamp = {Mon, 13 Aug 2018 16:48:49 +0200},
	biburl    = {https://dblp.org/rec/bib/journals/corr/LeM14},
	bibsource = {dblp computer science bibliography, https://dblp.org}
}
@article{jumanpp,
	title={日本語形態素解析システム 	JUMAN++ version 1.0},
	author={京都大学大学院情報学研究科 黒橋・河原研究室},
	year={2016}
}
@article{thk,
  title={Universal Transformerを使用した対話破綻検出},
  author={桑原 健太 and 大村 英史 and 桂田 浩一},
  journal={人工知能学会全国大会論文集},
  volume={JSAI2019},
  number={ },
  pages={4J3J1301-4J3J1301},
  year={2019},
  doi={10.11517/pjsai.JSAI2019.0_4J3J1301}
}
@article{kgs,
  title={言語モデルによる物語中のイベントの顕現性推定},
  author={大竹孝樹 and 横井祥 and 井之上直也 and 高橋諒 and 栗林樹生 and 乾健太郎},
  journal={言語処理学会第26年次大会 発表論文集},
  number={ },
  pages={B5-4},
  year={2019},
}
@article{devlin2018bert,
  title={Bert: Pre-training of deep bidirectional transformers for language understanding},
  author={Devlin, Jacob and Chang, Ming-Wei and Lee, Kenton and Toutanova, Kristina},
  journal={arXiv preprint arXiv:1810.04805},
  year={2018}
}
@article{asai,
  title={論説的文章における接続詞について-日本語母語話者と上級日本語学習者の作文比較},
  author={浅井美恵子},
  journal={言葉と文化},
  number={4},
  pages={87--98},
  year={2003},
  publisher={名古屋大学大学院 国際言語文化研究科 日本言語文化専攻}
}
@book{ichikawa,
  title={国語教育のための文章論概論},
  author={市川孝},
  year={1978},
  publisher={教育出版}
}
@article{elmo,
title={Deep contextualized word representations},
 author={Peters, Matthew E and Neumann, Mark and Iyyer, Mohit and Gardner, Matt and Clark, Christopher and Lee, Kenton and Zettlemoyer, Luke},
 journal={arXiv preprint arXiv:1802.05365},
 year={2018}
 }
